@STRING{MN = "MNRAS"}                   %Monthly Notices of the Royal Astronomical Society
@STRING{AN={Astr.\ Nachr.}}
@STRING{AA={A\&A}}
@STRING{AAS={A\&AS}}
@STRING{AAR={A\&AR}}
@STRING{ARAA={ARA\&A}}
@STRING{APJ={ApJ}}
@STRING{apjl={ApJ Lett.}}             %Astrophysical Journal Letters
@STRING{AJ={AJ}}
@STRING{APJS={ApJS}}
@STRING{PASA={PASA}}
@STRING{PASP={PASP}}
@STRING{PASJ={PASJ}}
@STRING{GCA={Geochim.\ Cosmochim.\ Acta}}
@STRING{PR={Physics Reports}}
@STRING{PRL={Phys.\ Rev.\ Lett.}}
@STRING{PRC={Phys.\ Rev.\ C.}}
@STRING{RMP={Rev.\ Mod.\ Phys.}}
@STRING{ZA={Z.\ Astrophys.}}
@STRING{NAT={Nature}}
@STRING{NP={Nucl.\ Phys.}}
@STRING{NPA = "Nucl. Phys. A"}
@STRING{ADNDT={Atom.\ Data Nucl.\ Data Tables}}
@STRING{APSS = "Ap\&SS"}                %Astrophys. Space. Sci.
@STRING{MSAI = "Mem. Soc. Astron. Ital."}
@STRING{JCP = "J. Chem. Phys."}

@ARTICLE{zr,
   author = {{Battino}, U. and {Pignatari}, M. and {Ritter}, C. and {Herwig}, F. and 
	{Denisenkov}, P. and {Den Hartogh}, J.~W. and {Trappitsch}, R. and 
	{Hirschi}, R. and {Freytag}, B. and {Thielemann}, F. and {Paxton}, B.
	},
    title = "{Application of a Theory and Simulation-based Convective Boundary Mixing Model for AGB Star Evolution and Nucleosynthesis}",
  journal = {\apj},
archivePrefix = "arXiv",
   eprint = {1605.06159},
 primaryClass = "astro-ph.SR",
 keywords = {stars: abundances, stars: evolution, stars: interiors},
     year = 2016,
    month = aug,
   volume = 827,
      eid = {30},
    pages = {30},
      doi = {10.3847/0004-637X/827/1/30},
   adsurl = {http://adsabs.harvard.edu/abs/2016ApJ...827...30B},
  adsnote = {Provided by the SAO/NASA Astrophysics Data System}
}

@ARTICLE{overshoot,
   author = {{Herwig}, F.},
    title = "{The evolution of AGB stars with convective overshoot}",
  journal = {\aap},
   eprint = {astro-ph/0007139},
 keywords = {STARS: ABUNDANCES, STARS: INTERIORS, STARS: EVOLUTION, STARS: AGB AND POST-AGB},
     year = 2000,
    month = aug,
   volume = 360,
    pages = {952-968},
   adsurl = {http://adsabs.harvard.edu/abs/2000A%26A...360..952H},
  adsnote = {Provided by the SAO/NASA Astrophysics Data System}
}

@ARTICLE{models,
   author = {{Ritter}, C. and {Herwig}, F. and {Jones}, S. and {Pignatari}, M. and 
	{Fryer}, C. and {Hirschi}, R.},
    title = "{NuGrid Stellar Data Set. II. Stellar Yields from H to Bi for Stellar Models with Mzams = 1 to 25Msun and Z = 0.0001 to 0.02}",
  journal = {ArXiv e-prints},
archivePrefix = "arXiv",
   eprint = {1709.08677},
 primaryClass = "astro-ph.SR",
 keywords = {Astrophysics - Solar and Stellar Astrophysics},
     year = 2017,
    month = sep,
   adsurl = {http://adsabs.harvard.edu/abs/2017arXiv170908677R},
  adsnote = {Provided by the SAO/NASA Astrophysics Data System}
}

@ARTICLE{4pi,
   author = {{Jones}, S. and {Andrassy}, R. and {Sandalski}, S. and {Davis}, A. and 
	{Woodward}, P. and {Herwig}, F.},
    title = "{Idealized hydrodynamic simulations of turbulent oxygen-burning shell convection in 4{$\pi$} geometry}",
  journal = {\mnras},
archivePrefix = "arXiv",
   eprint = {1605.03766},
 primaryClass = "astro-ph.SR",
 keywords = {convection, hydrodynamics, turbulence, stars: evolution, stars: interior, stars: massive},
     year = 2017,
    month = mar,
   volume = 465,
    pages = {2991-3010},
      doi = {10.1093/mnras/stw2783},
   adsurl = {http://adsabs.harvard.edu/abs/2017MNRAS.465.2991J},
  adsnote = {Provided by the SAO/NASA Astrophysics Data System}
}

@ARTICLE{freytag,
   author = {{Freytag}, B. and {Ludwig}, H.-G. and {Steffen}, M.},
    title = "{Hydrodynamical models of stellar convection. The role of overshoot in DA white dwarfs, A-type stars, and the Sun.}",
  journal = {\aap},
 keywords = {HYDRODYNAMICS, CONVECTION, DIFFUSION, STARS: INTERIOR},
     year = 1996,
    month = sep,
   volume = 313,
    pages = {497-516},
   adsurl = {http://adsabs.harvard.edu/abs/1996A%26A...313..497F},
  adsnote = {Provided by the SAO/NASA Astrophysics Data System}
}

@ARTICLE{grain,
   author = {{Barzyk}, J.~G. and {Savina}, M.~R. and {Davis}, A.~M. and {Gallino}, R. and 
	{Pellin}, M.~J. and {Lewis}, R.~S. and {Amari}, S. and {Clayton}, R.~N.
	},
    title = "{Multi-element isotopic analysis of single presolar SiC grains}",
  journal = {\nar},
     year = 2006,
    month = oct,
   volume = 50,
    pages = {587-590},
      doi = {10.1016/j.newar.2006.06.055},
   adsurl = {http://adsabs.harvard.edu/abs/2006NewAR..50..587B},
  adsnote = {Provided by the SAO/NASA Astrophysics Data System}
}

@BOOK{cox,
   author = {{Cox}, J.~P. and {Giuli}, R.~T.},
    title = "{Principles of stellar structure }",
 keywords = {ASTROPHYSICS, STELLAR INTERIORS, STELLAR STRUCTURE, STELLAR EVOLUTION},
booktitle = {Principles of stellar structure, by J.P.~Cox and R.~T.~ Giuli.~ New York: Gordon and Breach, 1968},
     year = 1968,
   adsurl = {http://adsabs.harvard.edu/abs/1968pss..book.....C},
  adsnote = {Provided by the SAO/NASA Astrophysics Data System}
}

@ARTICLE{mesa,
   author = {{Paxton}, B. and {Bildsten}, L. and {Dotter}, A. and {Herwig}, F. and 
	{Lesaffre}, P. and {Timmes}, F.},
    title = "{Modules for Experiments in Stellar Astrophysics (MESA)}",
  journal = {\apjs},
archivePrefix = "arXiv",
   eprint = {1009.1622},
 primaryClass = "astro-ph.SR",
 keywords = {methods: numerical, stars: evolution, stars: general},
     year = 2011,
    month = jan,
   volume = 192,
      eid = {3},
    pages = {3},
      doi = {10.1088/0067-0049/192/1/3},
   adsurl = {http://adsabs.harvard.edu/abs/2011ApJS..192....3P},
  adsnote = {Provided by the SAO/NASA Astrophysics Data System}
}

@ARTICLE{reif,
   author = {{Reifarth}, R. and {K{\"a}ppeler}, F. and {Voss}, F. and {Wisshak}, K. and 
	{Gallino}, R. and {Pignatari}, M. and {Straniero}, O.},
    title = "{$^{128}$Xe and $^{130}$Xe: Testing He-Shell Burning in Asymptotic Giant Branch Stars}",
  journal = {\apj},
   eprint = {astro-ph/0405065},
 keywords = {Nuclear Reactions, Nucleosynthesis, Abundances, Stars: Abundances, Stars: AGB and Post-AGB, Stars: Interiors},
     year = 2004,
    month = oct,
   volume = 614,
    pages = {363-370},
      doi = {10.1086/422206},
   adsurl = {http://adsabs.harvard.edu/abs/2004ApJ...614..363R},
  adsnote = {Provided by the SAO/NASA Astrophysics Data System}
}